<record><leader>00000cas a22000007a 4500</leader><controlfield tag="001">14512203</controlfield><controlfield tag="008">861023c19149999msuwr ne      0    0eng d</controlfield><datafield ind1=" " ind2=" " tag="010"><subfield code="a">sn 86074010 </subfield></datafield><datafield ind1=" " ind2=" " tag="040"><subfield code="a">MJA</subfield><subfield code="b">eng</subfield><subfield code="c">MJA</subfield><subfield code="d">MSJ</subfield><subfield code="d">OCL</subfield><subfield code="d">OCLCQ</subfield></datafield><datafield ind1=" " ind2=" " tag="042"><subfield code="a">msc</subfield></datafield><datafield ind1="0" ind2=" " tag="130"><subfield code="a">Panolian (Batesville, Miss. : 1914)</subfield></datafield><datafield ind1="1" ind2="4" tag="245"><subfield code="a">The Panolian.</subfield></datafield><datafield ind1=" " ind2=" " tag="260"><subfield code="a">Batesville, Miss. :</subfield><subfield code="b">Wilma Kennedy,</subfield><subfield code="c">1914-</subfield></datafield><datafield ind1=" " ind2=" " tag="300"><subfield code="a">v.</subfield></datafield><datafield ind1=" " ind2=" " tag="310"><subfield code="a">Weekly</subfield></datafield><datafield ind1="0" ind2=" " tag="362"><subfield code="a">Vol. 33, no. 39 (Nov. 5, 1914)-</subfield></datafield><datafield ind1=" " ind2=" " tag="752"><subfield code="a">United States</subfield><subfield code="b">Mississippi</subfield><subfield code="c">Panola</subfield><subfield code="d">Batesville.</subfield></datafield><datafield ind1="0" ind2="0" tag="780"><subfield code="t">Weekly panolian (Batesville, Miss. : 1905)</subfield><subfield code="w">(OCoLC)14511443</subfield></datafield></record>